

@book{Monto,
author = "Arianna Montorsi",
title = "The Hubbard Model ",
year = "1992",
publisher = "World Scientific",
}

@book{Mario,
author = "Mario Rasetti",
title = "The Hubbard Model Recent Results",
year = "1991",
publisher = "World Scientific",
}

@book{Fabian,
    author = "Fabian Essler and Holger Frahm and Frank Gohmann",
    title = "The One Dimensional Hubbard Model",
    year = "2005",
    publisher = "Cambridge University Press",
}

@article{Gabriel,
  title = {Strongly Correlated Materials: Insights From Dynamical Mean-Field Theory},
  author = {Gabriel Kotliar, and Dieter Vollhardt},
  journal = {Physics Today},
  volume = {57},
  issue = {3},
  pages = {53},
  numpages = {8},
  year = {2004},
  month = {March},
  publisher = {American Institute of Physics},
  doi = {10.1063/1.1712502},
  url = {https://doi.org/10.1063/1.1712502}
}

@book{Piers,
author = "Piers Coleman",
title = "Introduction to Many-Body
Physics",
year = "2015",
publisher = "Cambridge University Press",
}

@book{Vladimir,
author = "Vladimir Anisimov and Yuri Izyumov",
title = "Electronic Structure of Strongly Correlated Materials",
year = "2010",
publisher = "Springer",
}


@article{Mariana,
  title = {Pedagogical introduction to equilibrium Green's functions:
condensed-matter examples with numerical implementations},
  author = {Mariana M. Odashima, Beatriz G. Prado and E. Vernek},
  journal = {Revista Brasileira de Ensino de Fisica},
  volume = {39},
  issue = {1},
  year = {2017},
  doi = {10.1590/1806-9126-RBEF-2016-0087},
}

@book{Economou,
author = " Eleftherios N. Economou",
title = "Green's Functions in Quantum Physics",
year = "2006",
publisher = "Springer",
}

@book{Sam,
author = " Sam T Carr",
title = "Quantum Field Theory II An introduction to Feynman diagrams",
year = "2009",
publisher = "University of Birmingham",
}

@book{Richard,
author = " Richard D. Mattuck",
title = "A Guide to Feynman Diagrams in the Many-body Problem",
year = "1992",
publisher = "Dover Publications",
}

@article{Anderson,
  title = {Localized magnetic states in metals},
  author = { P. W. Anderson},
  journal = {Physical Review},
  volume = {124},
  issue = {1},
  year = {1961},
  doi = {https://doi.org/10.1103/PhysRev.124.41},
}

@article{Haas,
  title = {The electrical resistance of gold, copper and lead at low temperatures},
  author = {W.J. de Haas, J. de Boer, and G.J. van den Berg},
  journal = {Physica},
  volume = {1},
  issue = {7},
  year = {1934},
  doi = {https://doi.org/10.1016/S0031-8914(34)80310-2},
}

@article{Carlos,
  title = {Renormalization-group study of Anderson and Kondo impurities in gapless Fermi systems},
  author = {Carlos Gonzalez-Buxton and Kevin Ingersent},
  journal = {Physical Review B},
  volume = {57},
  issue = {22},
  year = {1998},
  doi = {https://doi.org/10.1103/PhysRevB.57.14254},
}

@article{Antoine,
  title = {Dynamical mean-field theory of strongly correlated fermion systems and the limit of infinite dimensions},
  author = {Antoine Georges, Gabriel Kotliar, Werner Krauth, and Marcelo J. Rozenberg},
  journal = {Rev. Mod. Phys},
  volume = {68},
  issue = {13},
  year = {1996},
  doi = {https://doi.org/10.1103/RevModPhys.68.13},
}

@article{Walter,
  title = {Correlated Lattice Fermions in d=$\infty$ Dimensions},
  author = {Walter Metzner and Dieter Vollhardt},
  journal = {Physical Review Letters},
  volume = {62},
  issue = {324},
  year = {1989},
  doi = {https://doi.org/10.1103/PhysRevLett.62.324},
}

@book{Mahan,
author = " Gerald D. Mahan",
title = "Condensed Matter in a Nutshell",
year = "2011",
publisher = "Princeton University Press",
}

@book{Alexander,
author = " Alexander Cyril Hewson",
title = "The Kondo Problem to Heavy Fermions",
year = "1993",
publisher = "Cambridge University Press",
}

@book{David,
author = "David kaiser",
title = "Drawing Theories Apart
The Dispersion of Feynman Diagrams in Postwar Physics",
year = "2005",
publisher = "University of Chicago Press",
}


@article{James,
  title = {How Do Feynman Diagrams work?},
  author = {James Robert Brown},
  journal = {Perspectives on Science},
  volume = {26},
  issue = {4},
  year = {2018},
  doi = {https://doi.org/10.1162/posc_a_00281 },
}

@article{Kaiser,
  title = {Physics and Feynman's Diagrams},
  author = {David Kaiser},
  journal = {American Scientist},
  volume = {93},
  year = {2005},
  doi = {https://doi.org/10.1162/posc_a_00281 },
}


@book{Andre,
author = "Andre-Marie Tremblay",
title = "A refresher in many-body theory",
year = " May 2008",
publisher = "Sherbrooke University",
}

@article{WicK,
  title = {The Evaluation of the Collision Matrix},
  author = {G. C. WicK},
  journal = {Physical Review},
  volume = {80},
   issue = {2},
  year = {195O},
  doi = {https://doi.org/10.1103/PhysRev.80.268},
}

@article{WESTWANSKI,
  title = {THERMODYNAMICAL AND GREEN FUNCTION
MANY-BODY WICK THEOREMS },
  author = {B. Westwanski},
  journal = {Physica },
  volume = {140},
   issue = {A},
  year = {1987},
  doi = {https://doi.org/10.1016/0378-4371(87)90075-6},
}

@book{Strohm,
author = "Thomas Strohm",
title = "A short tutorial on Green's functions",
year = " Nov 2004",
publisher = "extracted from PhD thesis",
}

@book{MICHAEL,
author = "Michael V. Sadovskii",
title = "Diagrammatics
Lectures on Selected Problems
in Condensed Matter Theory",
year = " March 2006",
publisher = "World Scientific Publishing Co. Pte. Ltd",
}

@book{Dimitri,
author = "Willem H Dickhoff , Dimitri Van Neck",
title = "Many-Body Theory Exposed!
Propagator description of
quantum mechanics in many-body systems",
year = " 2005",
publisher = "World Scientific Publishing Co. Pte. Ltd",
}


@book{Ivanov,
author = "Dmitri Ivanov",
title = "Condensed matter theory
Lecture notes and problem sets",
year = "2012-2013",
}


@article{Hanna,
  title = {Charge ordering and correlation effects in the extended Hubbard model},
  author = {Hanna Terletska, Tianran Chen, and Emanuel Gull},
  journal = {Physical Review B},
  volume = {95},
   issue = {11},
  year = {March 2017},
  doi = {https://doi.org/10.1103/PhysRevB.95.115149},
}

@article{Werner,
  title = {Continuous-time auxiliary-field Monte Carlo for quantum
impurity models},
  author = {E. Gull1, P. Werner, O. Parcollet and M. Troyer},
  journal = {Europhysics Letters Association},
  volume = {82},
   issue = {5},
  year = {2008},
  doi = {doi: 10.1209/0295-5075/82/57003},
}


@book{Joseph,
author = "Joseph E. Paki",
title = "Quantum Monte Carlo Methods
and Extensions for the 2D
Hubbard Model",
year = "2019",
publisher = "A dissertation submitted in partial fulfillment
of the requirements for the degree of
Doctor of Philosophy
(Physics)
in the University of Michigan",
}

@article{Staar,
  title = {Submatrix updates for the Continuous-Time Auxiliary Field algorithm},
  author = {Emanuel Gull, Peter Staar, Sebastian Fuchs, Phani Nukala, Michael S.
Summers, Thomas Pruschke, Thomas C. Schulthess, and Thomas Maier},
  journal = {Physical Review B},
  volume = {83},
   issue = {7},
  year = {2011},
  doi = {https://doi.org/10.1103/PhysRevB.83.075122},
}

@article{Ryan,
  title = {Implementation of the maximum entropy method for analytic continuation},
  author = {Ryan Levya, J.P.F. LeBlanc, Emanuel Gull},
  journal = {Computer Physics Communications},
  volume = {215},
  year = {2017},
  doi = {https://doi.org/10.1016/j.cpc.2017.01.018},
}


@book{Altland,
author = "Alexander Altland and Ben Simons",
title = "Condensed Matter Field Theory",
year = "2010",
publisher = "Cambridge
University Press",
}

@article{Sivia,
  title = {Maximum-entropy method for analytic continuation of quantum Monte Carlo data},
  author = {R. N. Silver, D. S. Sivia, and J. E. Gubernatis},
  journal = {Physical Review B},
  volume = {41},
  issue = {4},
  year = {1990},
  doi = {https://doi.org/10.1103/PhysRevB.41.2380},
}

@article{Jarrell,
  title = {Analytic continuation of quantum Monte Carlo data by stochastic analytical inference},
  author = {Sebastian Fuchs, Thomas Pruschke, and Mark Jarrell},
  journal = {Physical Review B},
  volume = {81},
  issue = {5},
  year = {May 2010},
  doi = https://doi.org/10.1103/PhysRevE.81.056701},
}

@article{Hartmann,
  title = {Correlated fermions on a lattice in high dimensions},
  author = {E. Muller-Hartmann},
  journal = {Z. Phys. B - Condensed Matter},
  volume = {74},
  issue = {4},
  year = {1989},
   doi = {https://doi.org/10.1007/BF01311397},
}

@article{Antipov,
  title = {Opendf - An Implementation of the Dual Fermion Method for Strongly Correlated Systems},
  author = {Andrey E. Antipov, James P.F. LeBlanc, Emanuel Gull},
  journal = {Physics Procedia},
  volume = {68},
  year = {2015},
  doi = {https://doi.org/10.1016/j.phpro.2015.07.107},
}


@article{Hettler,
  title = {Dynamical cluster approximation: Nonlocal dynamics of correlated electron systems},
  author = {M. H. Hettler, M. Mukherjee, M. Jarrell, and H. R. Krishnamurthy},
  journal = {Physical Review B},
  volume = {61},
  issue = {19},
  year = {May 2000},
  doi = {https://doi.org/10.1103/PhysRevB.61.12739},
}

@article{J.P,
  title = {Solutions of the Two-Dimensional Hubbard Model: Benchmarks and Results from a Wide Range of Numerical Algorithms},
  author = {J. P. F. LeBlanc, Andrey E. Antipov, Federico Becca, Ireneusz W. Bulik, Garnet Kin-Lic Chan, Chia-Min Chung,
Youjin Deng, Michel Ferrero, Thomas M. Henderson, Carlos A. Jimenez-Hoyos, E. Kozik, Xuan-Wen Liu, Andrew J. Millis, N. V. Prokof'ev, Mingpu Qin, Gustavo E. Scuseria, Hao Shi, B. V. Svistunov,
Luca F. Tocchio, I. S. Tupitsyn, Steven R. White, Shiwei Zhang, Bo-Xiao Zheng,
Zhenyue Zhu, and Emanuel Gull1},
  journal = {Physical Review X},
  volume = {5},
  issue = {4},
  year = {December 2015},
   doi = {https://doi.org/10.1103/PhysRevX.5.041041},
}


@article{Rubtsov,
  title = {Dual fermion approach to nonlocal correlations in the Hubbard model},
  author = {A. N. Rubtsov, M. I. Katsnelson, and A. I. Lichtenstein},
  journal = {Physical Review B},
  volume = {77},
  issue = {3},
  year = {2008},
   doi = {https://doi.org/10.1103/PhysRevB.77.033101},
}

@article{Haase,
  title = {Dual-fermion approach to the Anderson-Hubbard model},
  author = {P. Haase, S.-X. Yang, T. Pruschke, J. Moreno, and M. Jarrell
},
  journal = {Physical Review B},
  volume = {95},
  issue = {4},
  year = {2017},
   doi = {https://doi.org/10.1103/PhysRevB.95.045130},
}

@article{Hafermann,
  title = {Efficient Perturbation Theory for Quantum Lattice Models},
  author = {H. Hafermann, G. Li, A. N. Rubtsov, M. I. Katsnelson, A. I. Lichtenstein, and H. Monien},
  journal = {Physical Review Letters},
  volume = {102},
  issue = {20},
  year = {2009},
   doi = {https://doi.org/10.1103/PhysRevLett.102.206401},
}

@article{Junya,
  title = {Superconductivity, antiferromagnetism, and phase separation in the two-dimensional Hubbard model: A dual-fermion approach},
  author = {Junya Otsuki, Hartmut Hafermann, and Alexander I. Lichtenstein},
  journal = {Physical Review B},
  volume = {90},
  issue = {23},
  year = {2014},
   doi = {https://doi.org/10.1103/PhysRevB.90.235132},
}

@article{Yang,
  title = {Dual-fermion approach to interacting disordered fermion systems},
  author = {S.-X. Yang, P. Haase, H. Terletska, Z. Y. Meng, T. Pruschke, J. Moreno, and M. Jarrell},
  journal = {Physical Review B},
  volume = {89},
  issue = {19},
  year = {2014},
   doi = {https://doi.org/10.1103/PhysRevB.90.235132},
}

@article{Erik,
  title = {Precursors of the insulating state in the square-lattice Hubbard model},
  author = {Erik G. C. P. van Loon, Hartmut Hafermann, and Mikhail I. Katsnelson},
  journal = {Physical Review B},
  volume = {97},
  issue = {8},
  year = {February 2018},
   doi = {https://doi.org/10.1103/PhysRevB.97.085125},
}

@article{Katsnelson,
  title = {Dual boson approach to collective excitations in correlated fermionic systems},
  author = {A. N. Rubtsov, M. I. Katsnelson, A. I. Lichtenstein},
  journal = {Annals of Physics},
  volume = {327},
  issue = {5},
  year = {May 2012},
   doi = {https://doi.org/10.1016/j.aop.2012.01.002},
}

@article{Lichtenstein,
  title = {Dual fermion approach to the two-dimensional Hubbard model: Antiferromagnetic fluctuations and Fermi arcs},
  author = {A. N. Rubtsov, M. I. Katsnelson, A. I. Lichtenstein, and A. Georges},
  journal = {Physical Review B},
  volume = {79},
  issue = {4},
  year = {January 2009},
   doi = {https://doi.org/10.1103/PhysRevB.79.045133},
}

@book{Lechermann,
author = "H. Hafermann, F. Lechermann, A. N. Rubtsov, M. I. Katsnelson, A. Georges and A. I. Lichtenstein",
title = "Strong electronic correlations: Dynamical mean-field
theory and beyond, in Modern Theories of Many-Particle Systems in
Condensed Matter Physics",
year = "2012",
publisher = "Springer",
}


@book{ALichtenstein,
author = "Alexander Lichtenstein",
title = "Path Integrals and Dual Fermions",
year = "2017",
publisher = "Universitat Hamburg",
doi= {https://www.cond-mat.de/events/correl17/manuscripts/lichtenstein.pdf},
}

@book{M.Jarrell,
author = "M. Jarrell",
title = "Maximum Entropy Analytic Continuation Of
Quantum Monte Carlo Data",
year = "2005",
publisher = "Lectures on the Physics of Strongly Correlated Systems XII",
}

@article{Zahid,
  title = {Angle-resolved photoemission studies of the cuprate superconductors},
  author = {Andrea Damascelli, Zahid Hussain, and Zhi-Xun Shen},
  journal = {Reviews of Modern Physics},
  volume = {75},
  issue = {2},
  year = {2003},
   doi = {https://doi.org/10.1103/RevModPhys.75.473},
}

@article{Geles,
  title = {Fate of the false Mott-Hubbard transition in two dimensions},
  author = {T. Schafer, F. Geles, D. Rost, G. Rohringer, E. Arrigoni, K. Held, N. Blumer, M. Aichhorn, and A. Toschi},
  journal = {Physical Review B},
  volume = {91},
  issue = {12},
  year = {March 2015},
   doi = {https://doi.org/10.1103/PhysRevB.91.125109},
}

@article{Wei,
  title = {Controlling Feynman diagrammatic expansions: Physical nature of the pseudogap in the two-dimensional Hubbard model},
  author = {Wei Wu, Michel Ferrero, Antoine Georges, and Evgeny Kozik},
  journal = {Physical Review B},
  volume = {96},
  issue = {4},
  year = {2017},
   doi = {https://doi.org/10.1103/PhysRevB.96.041105},
}

@article{Valli,
  title = {Local electronic correlation at the two-particle level},
  author = {G. Rohringer, A. Valli, and A. Toschi},
  journal = {Physical Review B},
  volume = {86},
  issue = {12},
  year = {2012},
   doi = {https://doi.org/10.1103/PhysRevB.86.125114},
}

@article{Rice,
  title = {A phenomenological theory of the anomalous pseudogap phase in underdoped cuprates},
  author = {T M Rice, Kai-Yu Yang and F C Zhang},
  journal = {Rep. Prog. Phys},
  volume = {75},
  issue = {1},
  year = {2012},
   doi = {doi:10.1088/0034-4885/75/1/016502},
}

@article{maxent,
  title = {Continuous-time Monte Carlo methods for quantum impurity models},
  author = {Emanuel Gull, Andrew J. Millis, Alexander I. Lichtenstein, Alexey N. Rubtsov, Matthias Troyer, and Philipp Werner},
  journal = {Reviews of Modern Physics},
  volume = {83},
  issue = {2},
  year = {2011},
   doi = {https://doi.org/10.1103/RevModPhys.83.349},
}

@article{gull:2009,
  title = {Momentum-sector-selective metal-insulator transition in the eight-site dynamical mean-field approximation to the Hubbard model in two dimensions},
  author = {Gull, Emanuel and Parcollet, Olivier and Werner, Philipp and Millis, Andrew J.},
  journal = {Phys. Rev. B},
  volume = {80},
  issue = {24},
  pages = {245102},
  numpages = {13},
  year = {2009},
  month = {Dec},
  publisher = {American Physical Society},
  doi = {10.1103/PhysRevB.80.245102},
  url = {https://link.aps.org/doi/10.1103/PhysRevB.80.245102}
}

@article{Gull10,
  journal = {Phys. Rev. B},
  numpages = {14},
  month = {Oct},
  doi = {10.1103/PhysRevB.82.155101},
  issue = {15},
  author = {Gull, E. and Ferrero, M. and Parcollet, O. and Georges, A. and Millis, A. J.},
  title = {Momentum-space anisotropy and pseudogaps: A comparative cluster dynamical mean-field analysis of the doping-driven metal-insulator transition in the two-dimensional Hubbard model},
  year = {2010},
  publisher = {American Physical Society},
  pages = {155101},
  volume = {82}
}


@article{park,
  title = {Cluster Dynamical Mean Field Theory of the Mott Transition},
  author = {Park, H. and Haule, K. and Kotliar, G.},
  journal = {Phys. Rev. Lett.},
  volume = {101},
  issue = {18},
  pages = {186403},
  numpages = {4},
  year = {2008},
  month = {Oct},
  publisher = {American Physical Society},
  doi = {10.1103/PhysRevLett.101.186403},
  url = {http://link.aps.org/doi/10.1103/PhysRevLett.101.186403}
}

@article{hafermann:2008,
  title = {Dual fermion approach to susceptibility of correlated lattice fermions},
  author = {Brener, S. and Hafermann, H. and Rubtsov, A. N. and Katsnelson, M. I. and Lichtenstein, A. I.},
  journal = {Phys. Rev. B},
  volume = {77},
  issue = {19},
  pages = {195105},
  numpages = {12},
  year = {2008},
  month = {May},
  publisher = {American Physical Society},
  doi = {10.1103/PhysRevB.77.195105},
  url = {https://link.aps.org/doi/10.1103/PhysRevB.77.195105}
}

@Article{chen:2017,
author={Chen, Xi
and LeBlanc, J. P. F.
and Gull, Emanuel},
title={Simulation of the NMR response in the pseudogap regime of the cuprates},
journal={Nature Communications},
year={2017},
month={Apr},
day={07},
publisher={The Author(s) SN  -},
volume={8},
pages={14986},
note={Article},
url={https://doi.org/10.1038/ncomms14986}
}

@article{rohringer:2016,
  title = {Impact of nonlocal correlations over different energy scales: A dynamical vertex approximation study},
  author = {Rohringer, G. and Toschi, A.},
  journal = {Phys. Rev. B},
  volume = {94},
  issue = {12},
  pages = {125144},
  numpages = {30},
  year = {2016},
  month = {Sep},
  publisher = {American Physical Society},
  doi = {10.1103/PhysRevB.94.125144},
  url = {https://link.aps.org/doi/10.1103/PhysRevB.94.125144}
}

@article{gukelberger:2017,
  title = {Diagrammatic Monte Carlo approach for diagrammatic extensions of dynamical mean-field theory: Convergence analysis of the dual fermion technique},
  author = {Gukelberger, Jan and Kozik, Evgeny and Hafermann, Hartmut},
  journal = {Phys. Rev. B},
  volume = {96},
  issue = {3},
  pages = {035152},
  numpages = {23},
  year = {2017},
  month = {Jul},
  publisher = {American Physical Society},
  doi = {10.1103/PhysRevB.96.035152},
  url = {https://link.aps.org/doi/10.1103/PhysRevB.96.035152}
}


@article{Toschi,
  title = {Fluctuation Diagnostics of the Electron Self-Energy: Origin of the Pseudogap Physics},
  author = {Gunnarsson, O. and Sch\"afer, T. and LeBlanc, J. P. F. and Gull, E. and Merino, J. and Sangiovanni, G. and Rohringer, G. and Toschi, A.},
  journal = {Phys. Rev. Lett.},
  volume = {114},
  issue = {23},
  pages = {236402},
  numpages = {6},
  year = {2015},
  month = {Jun},
  publisher = {American Physical Society},
  doi = {10.1103/PhysRevLett.114.236402},
  url = {https://link.aps.org/doi/10.1103/PhysRevLett.114.236402}
}

@article{Thomas,
  title = {Quantum cluster theories},
  author = {Thomas Maier, Mark Jarrell, Thomas Pruschke, and Matthias H. Hettler},
  journal = {Reviews of Modern Physics},
  volume = {77},
  issue = {3},
  year = {2005},
  doi = {https://doi.org/10.1103/RevModPhys.77.1027},
}

@article{Macridin,
  title = {The Dynamical Cluster Approximation with Quantum Monte
Carlo Cluster Solvers},
  author = {M. Jarrell, A. Macridin, K. Mikelsons, and D.G.S.P. Doluweera, J.E. Gubernatis},
  journal = {Lectures on the Physics of Strongly Correlated Systems XII},
  doi = {https://pitp.phas.ubc.ca/confs/sherbrooke/archives/pitpcifar2008_dca_qmc_jarrell.pdf},
}


@book{Kittel,
author = "Charles Kittel",
title = "Introduction to Solid State Physics",
year = "2004",
publisher = "WILEY",
}

@book{Lifshitz,
author = "L.D. Landau and E.M. Lifshitz",
title = "Statistical Physics",
year = "1980",
publisher = "Oxford",
}

@book{Baym,
author = "G. Baym and C. Pethick",
title = "Landau Fermi-liquid theory",
year = "1991",
publisher = "WILEY",
}

@book{Nozieresk,
author = "Philippe Nozieresk",
title = "Theory Of Interacting Fermi Systems",
year = "1997",
publisher = "Westview Press",
}

@article{LANDAU,
  title = {The Theory of a Fermi Liquid },
  author = {L D. Landau },
  journal = {Soviet Physics JETP },
  volume = {3},
  issue = {6},
  year = {1956},
  doi = {http://www.jetp.ac.ru/files/Landau1en.pdf},
}

@book{Mark,
author = "Mark Jarrell",
title = " The Electronic Fermi Liquid- chapter 6",
year = "2017",
url = "http://www.phys.lsu.edu/~jarrell/COURSES/SOLID_STATE/Chap6/chap6.pdf"},
}


@article{Schofield,
  title = {Non-Fermi liquids},
  author = {A. J. Schofield},
  journal = {Contem porary Physics},
  volume = {40},
  issue = {2},
  year = {1999},
  doi = {https://doi.org/10.1080/001075199181602},
}

@article{Saarloos,
  title = {Singular or non-Fermi liquids},
  author = {C.M.Varma, Z.Nussinov, Wimvan Saarloos},
  journal = {Physics Reports},
  volume = {361},
  issue = {5-6},
  year = {2002},
  doi = {https://doi.org/10.1016/S0370-1573(01)00060-6},
}

@article{Senthil,
  title = {Critical Fermi surfaces and non-Fermi liquid metals},
  author = {T. Senthil},
  journal = {PHYSICAL REVIEW B},
  volume = {78},
  issue = {3},
  year = {2008},
  doi = {https://doi.org/10.1103/PhysRevB.78.035103},
}

@article{Stewart,
  title = {Non-Fermi-liquid behavior in d- and f-electron metals},
  author = {G. R. Stewart},
  journal = {Reviews of Modern Physics},
  volume = {73},
  issue = {4},
  year = {2001},
  doi = {https://doi.org/10.1103/RevModPhys.73.797},
}

@article{Schulz,
  title = {Fermi liquids and non-Fermi liquids},
  author = {H. J. Schulz},
  journal = {arXiv, DOI:arXiv:cond-mat/9503150},
  year = {1995},
  doi = {arXiv:cond-mat/9503150},
}

@book{Eva,
author = "Eva Pavarini, Erik Koch, and Ulrich Schollwock",
title = " Emergent Phenomena in Correlated Matter (Lecture Notes of the Autumn School
Correlated Electrons)",
year = "2013",
url = "https://www.cond-mat.de/events/correl13/manuscripts/correl13.pdf"},
}

@article{Haule,
  title = {Electronic structure calculations with dynamical mean-field theory},
  author = {G. Kotliar, S. Y. Savrasov, K. Haule, V. S. Oudovenko, O. Parcollet, and C. A. Marianetti},
  journal = {Reviews of Modern Physics},
  volume = {78},
  issue = {3},
  year = {2006},
  doi = {https://doi.org/10.1103/RevModPhys.78.865},
}


@article{Brian,
  title = {Competing magnetic double-Q
 phases and superconductivity-induced reentrance of 
$C_2$ magnetic stripe order in iron pnictides},
  author = {Maria N. Gastiasoro and Brian M. Andersen},
  journal = {Physical Review B},
  volume = {92},
  issue = {14},
  year = {2015},
  doi = {https://doi.org/10.1103/PhysRevB.92.140506},
}


@article{P,
  title = {Superconductivity in high energy particle accelerators},
  author = {P.Schmuser},
  journal = {Progress in Particle and Nuclear Physics},
  volume = {49},
  issue = {1},
  year = {2002},
  doi = {https://doi.org/10.1016/S0146-6410(02)00145-X},
}


@article{Overweg,
  title = {Magnetic Resonance Imaging, a success story for superconductivity},
  author = {Rene Aarnink and Johan Overweg},
  journal = {Physical Review B},
  volume = {43},
  issue = {4},
  year = {2012},
  doi = {https://doi.org/10.1051/epn/2012404},
}

@article{Elbio,
  title = {Complexity in Strongly Correlated Electronic Systems},
  author = {Elbio Dagotto},
  journal = {American Association for the Advancement of Science},
  volume = {309},
  issue = {5732},
  year = {2005},
  doi = {10.1126/science.1107559},
}


@article{Patrick,
  title = {Doping a Mott insulator: Physics of high-temperature superconductivity},
  author = {Patrick A. Lee, Naoto Nagaosa, and Xiao-Gang Wen},
  journal = {Reviews of Modern Physics},
  volume = {78},
  issue = {1},
  year = {2006},
  doi = {https://doi.org/10.1103/RevModPhys.78.17},
}

@article{Patrick1,
  title = {Unusual Superconducting State of Underdoped Cuprates},
  author = {Patrick A. Lee and Xiao-Gang Wen},
  journal = {Physical Review Letters},
  volume = {78},
  issue = {21},
  year = {1997},
  doi = {https://doi.org/10.1103/PhysRevLett.78.4111},
}

@article{Loh,
  title = {Sign problem in the numerical simulation of many-electron systems},
  author = {E. Y. Loh, Jr., J. E. Gubernatis, R. T. Scalettar, S. R. White, D. J. Scalapino, and R. L. Sugar},
  journal = {Physical Review B},
  volume = {41},
  issue = {13},
  year = {1990},
  doi = {https://doi.org/10.1103/PhysRevB.41.9301},
}

@article{Hao,
  title = {Infinite variance in fermion quantum Monte Carlo calculations},
  author = {Hao Shi and Shiwei Zhang},
  journal = {Physical Review E},
  volume = {93},
  issue = {3},
  year = {2016},
  doi = {https://doi.org/10.1103/PhysRevE.93.033303},
}

@article{Millis,
  title = {Towards a classification of the effects of disorder on materials properties},
  author = {A.J Millis},
  journal = {Physical Review E},
  volume = {126},
  issue = {1},
  year = {2003},
  doi = {https://doi.org/10.1016/S0038-1098(02)00668-3},
}

@article{Schollwock,
  title = {The density-matrix renormalization group},
  author = {U. Schollwock},
  journal = {Reviews of Modern Physics},
  volume = {77},
  issue = {1},
  year = {2005},
  doi = {https://doi.org/10.1103/RevModPhys.77.259},
}

@article{Gutzwiller,
  title = {Effect of Correlation on the Ferromagnetism of Transition Metals},
  author = {Martin C. Gutzwiller},
  journal = {Physical Review Letters},
  volume = {10},
  issue = {5},
  year = {1963},
  doi = {https://doi.org/10.1103/PhysRevLett.10.159},
}

@article{Hubbard,
  title = {Electron correlations in narrow energy bands},
  author = {J. Hubbard},
  journal = {Royal Society},
  volume = {276},
  issue = {1365},
  year = {1963},
  doi = {https://doi.org/10.1098/rspa.1963.0204},
}





